@misc{WinNT,
  title = {What Is an Initializer in Java?},
  howpublished = {\url{http://www.dummies.com/how-to/content/what-is-an-initializer-in-java.html}},
  note = {Accessed: 2010-09-30},
  author =  {Doug Lowe}
}
